@online{
1,
author = {MinSalud},
title = {Colombia tras seis meses de covid-19},
year = {2020},
url = "https://www.minsalud.gov.co/Paginas/Colombia-tras-seis-meses-de-covid-19.aspx.",
urldate = {09-30-2020}
}
@online{
2,
author = {Colombia},
title = {Coronavirus en Colombia en vivo: nuevos casos y muertes, últimas noticias de hoy},
year = {2020},
url = "https://colombia.as.com/colombia/2020/09/30/actualidad/1601464655_525424.html",
urldate = {09-30-2020}
}
@online{
3,
author = {Intelligent},
title = {Python: el lenguaje de programación más usado por grandes compañías como Google, Facebook o Netflix},
year = {2018},
url = "https://www.itelligent.es/es/que-es-python/",
urldate = {09-30-2020}
}
@online{
4,
author = {Ricardo Moya},
title = {Pandas en Python, con ejemplos -Parte I- Introducción},
year = {2015},
url = "https://jarroba.com/pandas-python-ejemplos-parte-i-introduccion/",
urldate = {09-30-2020}
}
@online{
5,
author = {Nicolas Rougier, Mike Müller, Gaël Varoquaux},
title = {Matplotlib: Gráficas usando pylab},
year = {2015},
url = "https://claudiovz.github.io/scipy-lecture-notes-ES/intro/matplotlib/matplotlib.html",
urldate = {09-30-2020}
}
@online{
6,
author = {Covantec},
title = {Manipulación de archivos},
year = {2018},
url = "https://entrenamiento-python-basico.readthedocs.io/es/latest/leccion7/archivos.html",
urldate = {09-30-2020}
}
@online{
7,
author = {Juan José Lozano Gómez},
title = {Python requests. La librería para hacer peticiones http en Python},
year = {2017},
url = "https://j2logo.com/python/python-requests-peticiones-http/",
urldate = {09-30-2020}
}
@online{
8,
author = {Lola Parra},
title = {Qué es un csv, cómo se hace y para qué sirve},
year = {2015},
url = "https://lolap.wordpress.com/2015/01/14/que-es-un-csv-como-se-hace-y-para-que-sirve/",
urldate = {09-30-2020}
}
@online{
9,
author = {Ainhoa Lafuente},
title = {Qué es el web scraping},
year = {2018},
url = "https://aukera.es/blog/web-scraping/",
urldate = {09-30-2020}
}
@online{
10,
author = {Comav},
title = {pandas},
year = {2017},
url = "https://bioinf.comav.upv.es/courses/linux/python/pandas.html#:~:text=pandas%20es%20un%20paquete%20de,potente%20tipo%20matricial%20a%20Python.&text=Datos%20tabulares%20con%20columnas%20de,etiquetas%20en%20columnas%20y%20filas.",
urldate = {09-30-2020}
}
@online{
11,
author = {Datos Abiertos Bogota},
title = {Casos positivos de COVID-19 en Colombia},
year = {2020},
url = "https://www.datos.gov.co/Salud-y-Protecci-n-Social/Casos-positivos-de-COVID-19-en-Colombia/gt2j-8ykr/data",
urldate = {09-30-2020}
}